%% This BibTeX bibliography file was created using BibDesk.
%% https://bibdesk.sourceforge.io/

%% Created for Alvin Kim at 2023-06-04 18:37:04 +0900 


%% Saved with string encoding Unicode (UTF-8) 



@webpage{LatexExercises,
	date-added = {2023-06-04 18:34:31 +0900},
	date-modified = {2023-06-04 18:36:51 +0900},
	url = {https://guides.nyu.edu/LaTeX/exercises}}
